<?xml version="1.0" encoding="UTF-8"?><record xmlns="http://www.loc.gov/MARC21/slim" xmlns:cinclude="http://apache.org/cocoon/include/1.0" xmlns:zs="http://www.loc.gov/zing/srw/">
  <leader>00562cz  a2200169n  4500</leader>
  <controlfield tag="001">no 99074517 </controlfield>
  <controlfield tag="003">DLC</controlfield>
  <controlfield tag="005">20130319175602.0</controlfield>
  <controlfield tag="008">991013n| azannaabn          |a aaa     c</controlfield>
  <datafield tag="010" ind1=" " ind2=" ">
    <subfield code="a">no 99074517 </subfield>
  </datafield>
  <datafield tag="035" ind1=" " ind2=" ">
    <subfield code="a">(OCoLC)oca05081675</subfield>
  </datafield>
  <datafield tag="040" ind1=" " ind2=" ">
    <subfield code="a">OO</subfield>
    <subfield code="b">eng</subfield>
    <subfield code="e">rda</subfield>
    <subfield code="c">OO</subfield>
    <subfield code="d">DLC</subfield>
  </datafield>
  <datafield tag="100" ind1="0" ind2=" ">
    <subfield code="a">Sidrac,</subfield>
    <subfield code="d">active 13th century.</subfield>
    <subfield code="t">Livre de Sydrac.</subfield>
    <subfield code="l">English (Middle English)</subfield>
  </datafield>
  <datafield tag="377" ind1=" " ind2=" ">
    <subfield code="a">enm</subfield>
  </datafield>
  <datafield tag="400" ind1="0" ind2=" ">
    <subfield code="w">nnea</subfield>
    <subfield code="a">Sidrac,</subfield>
    <subfield code="d">13th cent.</subfield>
    <subfield code="t">Livre de Sydrac.</subfield>
    <subfield code="l">English (Middle English)</subfield>
  </datafield>
  <datafield tag="400" ind1="0" ind2=" ">
    <subfield code="a">Sidrac,</subfield>
    <subfield code="d">active 13th century.</subfield>
    <subfield code="t">Sidrak and Bokkus</subfield>
  </datafield>
  <datafield tag="670" ind1=" " ind2=" ">
    <subfield code="a">His Sidrak and Bokkus, 1998-1999.</subfield>
  </datafield>
</record>